@Comment{*****************************************************************************************}
@Comment{ Las plantillas de libros, articulos, articulos de congresos, reposrtes, miscelaneos se  }
@Comment{ consiguen en Winedt en Insert/Bibtex Items/ el tipo deseado                             }
@Comment{*****************************************************************************************}

@article{Anderson1999,
  doi = {10.1080/10696679.1999.11501847},
  url = {https://doi.org/10.1080/10696679.1999.11501847},
  year = {1999},
  month = oct,
  publisher = {Informa {UK} Limited},
  volume = {7},
  number = {4},
  pages = {8--19},
  author = {Wilton Thomas Anderson and Goutam N. Challagalla and Richard G. Mcfarland},
  title = {Anatomy of Exchange},
  journal = {Journal of Marketing Theory and Practice}
}

@article{Bagozzi1994,
  doi = {10.2307/1252260},
  url = {https://doi.org/10.2307/1252260},
  year = {1994},
  month = jan,
  publisher = {{SAGE} Publications},
  volume = {58},
  number = {1},
  pages = {155},
  author = {Richard P. Bagozzi and Franklin S. Houston and Jule B. Gassenheimer and James M. Maskulka},
  title = {Marketing Exchange Transactions and Relationships},
  journal = {Journal of Marketing}
}

 
@Comment { % Platform design toolkit reference}
@book{boundarylessplatform,
  title     = "Platform Design Toolkit, The User Guide v2.1",
  year      = {2018},
  publisher = "Boundaryless S.r.l",
  pages     = {6--7}
}

@Comment { %ITIF report}
@techreport{noauthor_itif_2018,
	title = {{ITIF} {Technology} {Explainer}: {What} {Are} {Digital} {Platforms}?},
	shorttitle = {{ITIF} {Technology} {Explainer}},
	url = {https://itif.org/publications/2018/10/12/itif-technology-explainer-what-are-digital-platforms},
	abstract = {Digital platforms are online businesses that facilitate commercial interactions between at least two different groups—with one typically being suppliers and the other consumers.},
	language = {en},
	urldate = {2021-08-13},
	institution = {Information Technology and Innovation Foundation},
	month = oct,
	year = {2018},
	file = {Full Text PDF:/home/julio/Zotero/storage/H2M77D9D/2018 - ITIF Technology Explainer What Are Digital Platfo.pdf:application/pdf;Snapshot:/home/julio/Zotero/storage/UP9ACYYM/itif-technology-explainer-what-are-digital-platforms.html:text/html},
}
 
 @article{Mishra2015,
  doi = {10.1515/erj-2015-0042},
  url = {https://doi.org/10.1515/erj-2015-0042},
  year = {2015},
  month = jan,
  publisher = {Walter de Gruyter {GmbH}},
  volume = {5},
  number = {4},
  author = {Chandra S. Mishra and Ramona K. Zachary},
  title = {The Theory of Entrepreneurship},
  journal = {Entrepreneurship Research Journal}
}

 @book{dollinger2008,
    place = {Lombard, IL},
    title = {Entrepreneurship Strategies And Resources},
    publisher = {Marsh publications},
    author = {Dollinger, Marc J.},
    year = {2008}
}

 @misc{kenton2021,
    title={Value}, url={https://www.investopedia.com/terms/v/value.asp},
    journal={Investopedia}, publisher={Investopedia},
    author={Kenton, Will},
    year={2021},
    month={Oct}
}

 @misc{kenton2021Networking,
    title={What is a social networking service (SNS)?},
    url={https://www.investopedia.com/terms/s/social-networking-service-sns.asp}, journal={Investopedia}, publisher={Investopedia},
    author={Kenton, Will},
    year={2021},
    month={Nov}
} 

 @misc{boundless,
    title={Boundless business}, url={https://courses.lumenlearning.com/boundless-business/chapter/introduction-to-entrepreneurship/},
    journal={Lumen},
    author={Boundless}
}

 @misc{principles,
    title={10 principles of entrepreneurship - (guidelines to entrepreneurial success)}, url={https://thetotalentrepreneurs.com/10-principles-entrepreneurship/},
    journal={The Total Entrepreneurs}, author={www.facebook.com/TheTotalEntrepreneur}, year={2019},
    month={Sep}
}

@article{deReuver2018,
  doi = {10.1057/s41265-016-0033-3},
  url = {https://doi.org/10.1057/s41265-016-0033-3},
  year = {2018},
  month = jun,
  publisher = {{SAGE} Publications},
  volume = {33},
  number = {2},
  pages = {124--135},
  author = {Mark de Reuver and Carsten S{\o}rensen and Rahul C. Basole},
  title = {The Digital Platform: A Research Agenda},
  journal = {Journal of Information Technology}
}

 @misc{bendorSamuel2020,
    title={Key to designing an effective digital platform}, url={https://www.forbes.com/sites/peterbendorsamuel/2020/01/10/key-to-designing-an-effective-digital-platform/#36741acd6b29},
    journal={Forbes},
    publisher={Forbes Magazine}, author={Bendor-Samuel, Peter},
    year={2020},
    month={Jan}
} 

 @misc{claustres2019,
    title={How to setup oauth flow with feathersjs}, url={https://blog.feathersjs.com/how-to-setup-oauth-flow-with-featherjs-522bdecb10a8}, journal={Medium},
    publisher={The Feathers Flightpath}, author={Claustres, Luc},
    year={2019}, month={Jun}
} 

 @book{endrei2004,
    place={Research Triangle Park, NC}, title={Patterns service-oriented architecture and web services},
    publisher={IBM Corp., International Technical Support Organization},
    author={Endrei, Mark},
    year={2004}
}

 @article{
    bolotaevaCata2011,
    title={Marketing Opportunities Withsocial Networks},
    DOI={10.5171/2011.409860},
    journal={Journal of Internet Social Networking and Virtual Communities},
    author={Bolotaeva, Victoria and Cata, Teuta}, year={2011},
    pages={1–8}
}

@misc {goyal2008,
    title = {Major Seminar on Feature Driven Development},
    author = {Goyal, S},
    publisher = {Jennifer Schiller Chair of Applied Software Engineering},
    year = {2008}
}

 @misc{vuejs,
    title={Introduction - vue.js}, url={https://vuejs.org/v2/guide/},
    journal={- Vue.js}
} 

 @misc{feathersjs,
    title={Feathers: A framework for real-time applications and Rest Apis}, url={https://docs.feathersjs.com/}, journal={FeathersJS}
}

 @misc{mongodb, 
    url={https://www.tutorialspoint.com/mongodb/mongodb_overview.htm}, journal={MongoDB - overview},
    title={MongoDB - Overview}
}

 @misc{mongodbAtlas,
    title={MongoDB atlas database: Multi-cloud database service}, url={https://www.mongodb.com/cloud/atlas}, journal={MongoDB}
} 

 @misc{ticportal2021,
    title={Amazon Web Services (AWS) : ¿Qué es y qué ofrece?},
    url={https://www.ticportal.es/temas/cloud-computing/amazon-web-services},
    journal={TIC Portal},
    author={TIC Portal},
    year={2021},
    month={Jun}
}

 @misc{vercel,
    title={Introduction to vercel}, url={https://vercel.com/docs},
    journal={Vercel Documentation}, publisher={Vercel},
    author={Vercel}
}

@article{khramtchenko2004comparing,
  title={Comparing eXtreme Programming and Feature Driven Development in academic and regulated environments},
  author={Khramtchenko, Serguei},
  journal={Feature Driven Development},
  year={2004}
}

 @misc{edx,
    title={Software engineering: Introduction}, url={https://www.edx.org/course/software-engineering-introduction},
    journal={edX}
} 

 @misc{fdd,
    title={Feature Driven Development Methodology}, url={http://thedynamicdomain.com/feature-driven-development.aspx},
    journal={Welcome to Dynamic Domain}
}

@inproceedings{kristjansson2004term,
  title={The term platform in the context of a product developing company},
  author={Kristjansson, Arnar H and Jensen, Tormod and Hildre, Hans Petter},
  booktitle={DS 32: Proceedings of DESIGN 2004, the 8th International Design Conference, Dubrovnik, Croatia},
  year={2004}
}